@manual{intel2017man,
  author = {{Intel Corporation}},
  title = {Intel 64 and IA-32 Architectures Software Developer’s Manual},
  year = {2016},
  month = apr,
  organization = {Intel Corporation},
  note = {\url{http://www.intel.com/content/www/us/en/processors/architectures-software-developer-manuals.html},
   visited 2017-08-19}
}
@online{weberFechnerGesetz,
  author  = {Spektrum},
  title   = {{Weber-Fechner-Gesetz}},
  key = {Weber-Fechner-Gesetz},
  note = {\\\url{https://www.spektrum.de/lexikon/biologie/weber-fechnersches-gesetz/70397},
   visited 2020-07-20}
}
@online{Stab_und_Zapfenzelle,
  author  = {Sawakinome},
  title   = {{Was ist der Unterschied zwsichen Stabzellen und Kegelzellen}},
  key     = {Was ist der Unterschied zwsichen Stabzellen und Kegelzellen},
  note = {\\\url{https://www.sawakinome.com/articles/science/what-is-the-difference-between-rod-cells-and-cone-cells.html},
   visited 2020-07-03}
}
@online{Logarithmische_Helligkeitswahrnehmung,
  author  = {Stephan Thesmann},
  title   = {{Einführung in das Design multimedialer Webanwendungen}},
  key = {Einführung in das Design multimedialer Webanwendungen},
  note = {\\\url{https://books.google.de/books?id=NHts2eHUlTMC&pg=PA13&lpg=PA13&dq=gammakorrektur+schwarzweis++menschliches+sehen&source=bl&ots=J1siHt4w90&sig=ACfU3U16_ktR2B5nWvhMKcsYtveAIC_QqA&hl=de&sa=X&ved=2ahUKEwjA7_uF7bbqAhXV3oUKHY60DfoQ6AEwDXoECAsQAQ#v=onepage&q=gammakorrektur%20schwarzweis%20%20menschliches%20sehen&f=false},\\
   visited 2020-07-05}
}
@online{Bildquelle,
  title = {Bild: Obstkorb},
  key = {Bild: Obstkorb},
  note = {\\\url{https://www.truebenecker.de/wp-content/uploads/2019/02/Obstkorb-f%C3%BCrs-B%C3%BCro-premium-medium.jpg},
   visited 2020-07-10}
}